@book{
    Poston,
    author = "Tim Poston, Ian Stewart",
    title = "Catastrophe theory and its applications",
    year = "1978"
}
@article{
    thom,
    title={Stabilit{\'e} structurelle et morphogen{\`e}se},
    author={Thom, Ren{\'e}},
    journal={Poetics},
    volume={3},
    number={2},
    pages={7--19},
    year={1974},
    publisher={Elsevier}
}
@misc{
    bbcvid,
    author = "BBC",
    address = "https://www.youtube.com/watch?v=FHgQUjqg-AI",
    title = "Maths Foundation Course E15 - Catastrophe Theory",
    year = "1978"
}
