@book{ poston,
    author = "Tim Poston, Ian Stewart",
    title = "Catastrophe theory and its applications",
    year = "1978"
}
@article{ thom,
    title={Stabilit{\'e} structurelle et morphogen{\`e}se},
    author={Thom, Ren{\'e}},
    journal={Poetics},
    volume={3},
    number={2},
    pages={7--19},
    year={1974},
    publisher={Elsevier}
}
@misc{ bbcvid,
    author = "BBC",
    title = "Maths Foundation Course E15 - Catastrophe Theory",
    year = "1978",
    howpublished = "\url{https://www.youtube.com/watch?v=FHgQUjqg-AI}",
    note = "[En ligne; Page disponible le 7-janvier-2018]"
}
@book{ demazure,
    title={Catastrophes et bifurcations},
    author={Demazure, Michel},
    year={1989},
    publisher={Ellipses Paris}
}
@misc{ wikipedia,
    author = "Wikipédia",
    title = "Théorie des catastrophes --- Wikipédia{,} l'encyclopédie libre",
    year = "2017",
    howpublished = "\url{http://fr.wikipedia.org/w/index.php?title=Th%C3%A9orie_des_catastrophes&oldid=137909564}",
    note = "[En ligne; Page disponible le 7-janvier-2018]"
}
